<record><leader>00000cas a22000007a 4500</leader><controlfield tag="001">15250745</controlfield><controlfield tag="008">870227d18771899iauwr ne      0    0eng d</controlfield><datafield ind1=" " ind2=" " tag="010"><subfield code="a">sn 87057198 </subfield></datafield><datafield ind1=" " ind2=" " tag="040"><subfield code="a">INP</subfield><subfield code="b">eng</subfield><subfield code="c">INP</subfield><subfield code="d">OCLCQ</subfield></datafield><datafield ind1=" " ind2=" " tag="042"><subfield code="a">msc</subfield></datafield><datafield ind1="0" ind2=" " tag="130"><subfield code="a">Murray news (Murray, Iowa : 1877)</subfield></datafield><datafield ind1="1" ind2="4" tag="245"><subfield code="a">The Murray news.</subfield></datafield><datafield ind1=" " ind2=" " tag="260"><subfield code="a">Murray, Clarke County, Iowa :</subfield><subfield code="b">Beckwith &amp; Martindale</subfield></datafield><datafield ind1=" " ind2=" " tag="300"><subfield code="a">v. :</subfield><subfield code="b">ill. ;</subfield><subfield code="c">56-60 cm.</subfield></datafield><datafield ind1=" " ind2=" " tag="310"><subfield code="a">Weekly</subfield></datafield><datafield ind1="1" ind2=" " tag="362"><subfield code="a">Began in 1877.</subfield><subfield code="z">Cf. Bibl. of Iowa newspapers.</subfield></datafield><datafield ind1="1" ind2=" " tag="362"><subfield code="a">Ceased in 1899?</subfield></datafield><datafield ind1=" " ind2=" " tag="500"><subfield code="a">Publisher varies.</subfield></datafield><datafield ind1=" " ind2=" " tag="588"><subfield code="a">Description based on: Vol. 5, no. 12 (June 8, 1881).</subfield></datafield><datafield ind1=" " ind2=" " tag="752"><subfield code="a">United States</subfield><subfield code="b">Iowa</subfield><subfield code="c">Clarke</subfield><subfield code="d">Murray.</subfield></datafield><datafield ind1="0" ind2="0" tag="780"><subfield code="t">Murray record</subfield></datafield><datafield ind1="0" ind2="7" tag="785"><subfield code="t">Clarke County union</subfield></datafield><datafield ind1="0" ind2="7" tag="785"><subfield code="t">Murray news-union</subfield><subfield code="w">(DLC)sn 86061187</subfield></datafield></record>